<?xml version="1.0" encoding="UTF-8"?><collection xmlns="http://www.loc.gov/MARC21/slim"><record><leader>00418nam--2200181-u-4500</leader><controlfield tag="001">000052362</controlfield><controlfield tag="002">20161230</controlfield><controlfield tag="005">20161230201050</controlfield><controlfield tag="008">100624s1000------------r-----000-0-rus-d</controlfield><datafield ind1=" " ind2=" " tag="040"><subfield code="a">IFIN-HH</subfield></datafield><datafield ind1=" " ind2=" " tag="041"><subfield code="a">rus</subfield></datafield><datafield ind1=" " ind2=" " tag="080"><subfield code="a">531:532</subfield></datafield><datafield ind1="1" ind2=" " tag="100"><subfield code="a">Petrovskii. I.I</subfield></datafield><datafield ind1="1" ind2="0" tag="245"><subfield code="a">Mehanika</subfield><subfield code="c">I.I. Petrovskii</subfield></datafield><datafield ind1=" " ind2=" " tag="260"><subfield code="a">Minsk</subfield><subfield code="b">I.V.Lenina</subfield><subfield code="c">1973</subfield></datafield><datafield ind1=" " ind2=" " tag="300"><subfield code="a">352 p</subfield></datafield><datafield ind1=" " ind2=" " tag="852"><subfield code="a">40891</subfield><subfield code="c">531</subfield></datafield><datafield ind1=" " ind2=" " tag="CAT"><subfield code="a">Sys</subfield><subfield code="c">20100624</subfield><subfield code="h">132539</subfield></datafield></record></collection>